<collection xmlns="http://www.loc.gov/MARC21/slim">
<record>
  <leader>01052nam0a22002171i 450 </leader>
  <controlfield tag="001">IT\ICCU\CNCE\070414</controlfield>
  <controlfield tag="005">20120824000000.0</controlfield>
  <datafield tag="012" ind1=" " ind2=" ">
    <subfield code="a">I.cu e,s. esn- e-,&amp; (S) 1553 (Q)</subfield>
    <subfield code="2">fei</subfield>
  </datafield>
  <datafield tag="100" ind1=" " ind2=" ">
    <subfield code="a">20070426f1553        0itac0103    ba</subfield>
  </datafield>
  <datafield tag="101" ind1=" " ind2=" ">
    <subfield code="a">LAT</subfield>
  </datafield>
  <datafield tag="102" ind1=" " ind2=" ">
    <subfield code="a">IT</subfield>
  </datafield>
  <datafield tag="200" ind1="1" ind2=" ">
    <subfield code="a">In Dei filio sibi dilect. ... frater Stephanus Vsumaris Genuen. sacrae ...</subfield>
  </datafield>
  <datafield tag="210" ind1=" " ind2=" ">
    <subfield code="d">\1553?!</subfield>
  </datafield>
  <datafield tag="215" ind1=" " ind2=" ">
    <subfield code="a">1 manifesto</subfield>
    <subfield code="d">1/2</subfield>
  </datafield>
  <datafield tag="300" ind1=" " ind2=" ">
    <subfield code="a">Contiene: Fratellanza di tutto l&apos;ordine Domenicano concessa alla Confraternita del Baraccano di Bologna. - Data dell&apos;emanazione, 13 giugno 1553</subfield>
  </datafield>
  <datafield tag="710" ind1="0" ind2="2">
    <subfield code="a">Confraternita di S. Maria del Baraccano</subfield>
    <subfield code="c"> &lt;Bologna&gt;</subfield>
    <subfield code="3">IT\ICCU\CNCT\004247</subfield>
  </datafield>
  <datafield tag="712" ind1="0" ind2="2">
    <subfield code="a">s.n.</subfield>
    <subfield code="3">IT\ICCU\CNCT\000002</subfield>
    <subfield code="4">650</subfield>
  </datafield>
  <datafield tag="791" ind1="0" ind2="2">
    <subfield code="a">Compagnia di S. Maria del Barachano</subfield>
    <subfield code="c"> &lt;Bologna&gt;</subfield>
    <subfield code="3">IT\ICCU\CNCT\004248</subfield>
    <subfield code="z">Confraternita di S. Maria del Baraccano &lt;Bologna&gt;</subfield>
  </datafield>
  <datafield tag="791" ind1="0" ind2="2">
    <subfield code="a">Compagnia &amp; hospitale della V.S.M. del Barachano di Bologna</subfield>
    <subfield code="3">15600</subfield>
    <subfield code="z">Confraternita di S. Maria del Baraccano &lt;Bologna&gt;</subfield>
  </datafield>
  <datafield tag="801" ind1=" " ind2="3">
    <subfield code="a">IT</subfield>
    <subfield code="b">ICCU</subfield>
    <subfield code="c">20201115</subfield>
  </datafield>
  <datafield tag="899" ind1=" " ind2=" ">
    <subfield code="a">Archivio di Stato di Bologna. Bologna</subfield>
    <subfield code="1">BO0514</subfield>
    <subfield code="2">ZBO 24</subfield>
  </datafield>
</record>
</collection>
